@misc{cycle_directed,
  author = {geeksforgeeks},
  title  = {Detect Cycle in a Directed Graph},
  url    = {https://www.geeksforgeeks.org/detect-cycle-in-a-graph/},
  year   = {2023-03-16}
}
@article{dijkstra,
  author  = {Chao, Yin and Hongxia, Wang},
  title   = {Developed Dijkstra Shortest Path Search Algorithm and Simulation},
  url     = {https://ieeexplore.ieee.org/stamp/stamp.jsp?tp=&arnumber=5541129},
  urldate = {2023-03-16}
}
@article{funcneo4j,
  author  = {Huang, Hongcheng and Dong, Ziyu},
  title   = {Research on architecture and query performance based on distributed graph database Neo4j},
  url     = {https://ieeexplore.ieee.org/stamp/stamp.jsp?tp=&arnumber=6703387},
  urldate = {2023-03-09}
}
@misc{graphBasics,
  author  = {Philipps, D. Jonathan and Schwanghart, Wolfgang and Heckmann, Tobias},
  title   = {Graph theory in the geosciences},
  url     = {https://reader.elsevier.com/reader/sd/pii/S0012825215000239?token=46C1069F8AFCA47E12D11D89E4B12D82DC9FF65E8982EC5E92979DA409F866BD08E1F7C1E8943774F7C3DAE9FF79F6E2&originRegion=eu-west-1&originCreation=20230316074136},
  urldate = {2023-03-16},
  year    = {2014}
}
@inproceedings{graphCircle,
  abstract  = {-  Hardware  -{\textgreater}  Neural systems.-  Theory of computation  -{\textgreater}  Network flows.},
  address   = {New York,NY,United States},
  author    = {Kay, Bill and Schuman, Catherine and O'Connor, Jade and Date, Prasanna and Potok, Thomas},
  booktitle = {International Conference on Neuromorphic Systems 2021},
  doi       = {10.1145/3477145.3477172},
  editor    = {Potok, Thomas E.},
  file      = {92f744a5-eb8a-46fc-b095-c75e1d60fb6c:C\:\\Users\\lfbla\\AppData\\Local\\Swiss Academic Software\\Citavi 6\\ProjectCache\\cropws9zvjkkpujvcvvjtobwr49mk0n1jsgjs8wjre4\\Citavi Attachments\\92f744a5-eb8a-46fc-b095-c75e1d60fb6c.pdf:pdf},
  isbn      = {9781450386913},
  pages     = {1--7},
  publisher = {{Association for Computing Machinery}},
  series    = {ACM Digital Library},
  title     = {Neuromorphic Graph Algorithms: Cycle Detection, Odd Cycle Detection, and Max Flow},
  url       = {https://dl.acm.org/doi/pdf/10.1145/3477145.3477172},
  urldate   = {2023-03-16},
  year      = {2021}
}
@article{graphmodelneo4j,
  author  = {Batra, Shalini and Tyagi, Charu},
  title   = {Conparative Analysis of Relational and Graph Databases},
  url     = {https://citeseerx.ist.psu.edu/document?repid=rep1&type=pdf&doi=d9e4877d25fe4138196719f5b64255f7d71c91b5},
  urldate = {2023-03-09}
}
@article{historyneo4j,
  abstract = {Founded in 2007, Neo4j has more than 700 employees globally. In June 2022, the company raised about {\$}325 million in a Series F funding round led by Eurazeo, alongside participation from GV (formerly Google Ventures) and other existing investors like One Peak, Creandum, Greenbridge Partners, DTCP, and Lightrock.},
  author   = {Naik, Amit Raja},
  journal  = {Analytics India Magazine},
  title    = {The origin of Neo4j},
  url      = {https://analyticsindiamag.com/the-origin-of-neo4j/},
  urldate  = {2023-03-01},
  year     = {2022}
}
@article{koenigsberger,
  author  = {Barnett, Janet Heine},
  file    = {ff92f1da-e8ee-45eb-8fcd-b00833c2e4a0:C\:\\Users\\lfbla\\AppData\\Local\\Swiss Academic Software\\Citavi 6\\ProjectCache\\cropws9zvjkkpujvcvvjtobwr49mk0n1jsgjs8wjre4\\Citavi Attachments\\ff92f1da-e8ee-45eb-8fcd-b00833c2e4a0.pdf:pdf},
  title   = {Early Writings on Graph Theory: Euler Circuits and The KÂ¨onigsberg Bridge Problem},
  url     = {https://citeseerx.ist.psu.edu/document?repid=rep1&type=pdf&doi=474106e09a8ea58833789c51b9d52a55f0388d3c},
  urldate = {2023-03-16}
}
@online{neo4j_docs_introduction_nodate,
  abstract   = {An introduction to how Neo4j runs in a Docker container.},
  author     = {{Neo4j Docs}},
  file       = {Snapshot:/home/felixhoffmnn/Zotero/storage/RU5DRVQ4/introduction.html:text/html},
  langid     = {english},
  title      = {Introduction - Operations Manual},
  titleaddon = {Neo4j Graph Data Platform},
  url        = {https://neo4j.com/docs/operations-manual/5/docker/introduction/},
  urldate    = {2023-03-26}
}
@misc{Neo4jfeatures,
  abstract = {This section contains information on all functions in the Cypher query language.},
  author   = {{Neo4j Graph Data Platform}},
  title    = {Functions - Cypher Manual},
  url      = {https://neo4j.com/docs},
  urldate  = {2023-03-09},
  year     = {2023}
}
@proceedings{Potok.2021,
  address   = {New York,NY,United States},
  doi       = {10.1145/3477145},
  editor    = {Potok, Thomas E.},
  isbn      = {9781450386913},
  publisher = {{Association for Computing Machinery}},
  series    = {ACM Digital Library},
  title     = {International Conference on Neuromorphic Systems 2021},
  year      = {2021}
}
@misc{test.2022,
  editor  = {Felix Hoffmann},
  title   = {Test test},
  url     = {https://test.com/test},
  urldate = {2021-02-18},
  year    = {2022}
}
